<record xmlns="http://www.loc.gov/MARC21/slim" xmlns:xsi="http://www.w3.org/2001/XMLSchema-instance" xsi:schemaLocation="http://www.loc.gov/MARC21/slim http://www.loc.gov/standards/marcxml/schema/MARC21slim.xsd"><leader>01737cz   2200325n  4500</leader><controlfield tag="001">oca00894151 </controlfield><controlfield tag="005">20010418071315.0</controlfield><controlfield tag="008">840215n| acannaabn          |a aaa      </controlfield><datafield ind1=" " ind2=" " tag="010"><subfield code="a">n  82255489 </subfield></datafield><datafield ind1=" " ind2=" " tag="040"><subfield code="a">DLC</subfield><subfield code="c">DLC</subfield><subfield code="d">DLC</subfield><subfield code="d">NjP</subfield><subfield code="d">DLC</subfield><subfield code="d">CU-S</subfield><subfield code="d">InU</subfield></datafield><datafield ind1="0" ind2=" " tag="100"><subfield code="a">Rufinus,</subfield><subfield code="c">of Aquileia,</subfield><subfield code="d">345-410</subfield></datafield><datafield ind1="0" ind2=" " tag="400"><subfield code="a">Rufinus Tyrannius,</subfield><subfield code="c">Aquileiensis,</subfield><subfield code="d">345 (ca.)-410</subfield><subfield code="w">nnaa</subfield></datafield><datafield ind1="0" ind2=" " tag="400"><subfield code="a">Rufino,</subfield><subfield code="c">di Concordia,</subfield><subfield code="d">345-410</subfield></datafield><datafield ind1="0" ind2=" " tag="400"><subfield code="a">Rufin,</subfield><subfield code="c">de Concordia,</subfield><subfield code="d">345-410</subfield></datafield><datafield ind1="0" ind2=" " tag="400"><subfield code="a">Rufin,</subfield><subfield code="c">d'Aquilée,</subfield><subfield code="d">345-410</subfield></datafield><datafield ind1="0" ind2=" " tag="400"><subfield code="a">Rufinus,</subfield><subfield code="c">von Aquileia,</subfield><subfield code="d">345-410</subfield></datafield><datafield ind1="0" ind2=" " tag="400"><subfield code="a">Tyrannius Rufinus,</subfield><subfield code="d">345-410</subfield></datafield><datafield ind1="0" ind2=" " tag="400"><subfield code="a">Rufinus,</subfield><subfield code="c">Aquileiensis,</subfield><subfield code="d">345-410</subfield></datafield><datafield ind1="0" ind2=" " tag="400"><subfield code="a">Ruffinus,</subfield><subfield code="c">Aquiliensis,</subfield><subfield code="d">345-410</subfield></datafield><datafield ind1="0" ind2=" " tag="400"><subfield code="a">Rufin,</subfield><subfield code="c">von Aquileia,</subfield><subfield code="d">345-410</subfield></datafield><datafield ind1="0" ind2=" " tag="400"><subfield code="a">Rufino,</subfield><subfield code="c">di Aquileia,</subfield><subfield code="d">345-410</subfield></datafield><datafield ind1=" " ind2=" " tag="670"><subfield code="a">Jerome, Saint. Apologie contre Rufin, 1983:</subfield><subfield code="b">t.p. (Rufin) p. xi, etc. (Rufin d'Aquilée, Rufinus of Aquileia, Rufinus von Aquileia)</subfield></datafield><datafield ind1=" " ind2=" " tag="670"><subfield code="a">New Cath. encyc.</subfield><subfield code="b">(Rufinus of Aquileia, 345-410)</subfield></datafield><datafield ind1=" " ind2=" " tag="670"><subfield code="a">Murphy, F.X. Rufinus of Aquileia, 1945:</subfield><subfield code="b">t.p. (Rufinus of Aquileia, 345-411) p. 1 (Tyrannius Rufinus, b. about 345) p. 235 (d. 410)</subfield></datafield><datafield ind1=" " ind2=" " tag="670"><subfield code="a">LC manual auth. cd.</subfield><subfield code="b">(hdg.: Rufinus Tyrannius, Aquileiensis, 345 (ca.)-410)</subfield></datafield><datafield ind1=" " ind2=" " tag="670"><subfield code="a">InU/Wing STC files</subfield><subfield code="b">(usage: Rufinus Aquileiensis; ... Ruffinum Aquiliensem)</subfield></datafield><datafield ind1=" " ind2=" " tag="670"><subfield code="a">Rufino di Concordia e il suo tempo, 1987:</subfield><subfield code="b">p. 11 (Rufin de Concordia)</subfield></datafield><datafield ind1=" " ind2=" " tag="670"><subfield code="a">His De ieiunio I, II, 1989:</subfield><subfield code="b">CIP t.p. (Rufin von Aquileia)</subfield></datafield><datafield ind1=" " ind2=" " tag="670"><subfield code="a">Josephus, F. Iosephi iudei historiographi viri clarissimi prologus in libros antiquitatum viginti incipit foeiciter ... 1486:</subfield><subfield code="b">caption title (Ruffinum Aquileiensem)</subfield></datafield><datafield ind1=" " ind2=" " tag="670"><subfield code="a">Versione delle omelie di Basilio (I-III), 1996:</subfield><subfield code="b">t.p. (Rufino di Aquileia)</subfield></datafield></record>